2548 2860
398 462 1793 469 Er ſagt weiter/ man habe ſich vor alten Zeiten entweder eingebildet
288 371 446 411 perium
462 367 644 413 auxerit,
655 363 755 404 cum
764 357 957 409 bellandi
967 358 1097 413 gloria
1103 358 1194 406 non
1210 356 1390 406 ceſſeris,
1392 355 1524 405 majus
1528 352 1575 403 in
1599 353 1712 413 pace
1721 349 1797 408 de-

282 429 363 465 cus
374 420 631 465 acqviſiviſti,
644 426 778 466 qvam
781 413 865 460 ille
873 413 1088 461 triumphis
1102 417 1309 460 omnisbus.

417 473 473 519 Er
481 475 571 526 ſagt
574 470 721 519 weiter/
725 474 811 516 man
821 469 921 512 habe
939 469 1020 520 ſich
1031 469 1106 508 vor
1114 469 1224 515 alten
1228 469 1365 509 Zeiten
1369 469 1554 512 entweder
1564 469 1785 515 eingebildet

279 527 377 570 oder
387 522 582 574 gedichtet/
588 523 647 570 als
655 523 777 569 werde
778 529 856 567 von
867 523 955 566 dem
958 520 1106 561 Meere/
1098 519 1143 572 ſo
1149 525 1201 557 an
1213 519 1390 572 Preuſſen
1391 513 1506 567 ſtößt/
1504 516 1557 567 die
1565 516 1669 566 Erde
1669 526 1786 556 umb-

281 586 395 625 geben
402 577 486 618 und
499 573 726 627 geſchloſſen/
742 578 797 618 es
800 579 891 622 gehe
901 571 964 619 die
969 568 1124 614 Sonne
1131 571 1217 614 alda
1226 575 1321 616 auf/
1330 571 1418 614 und
1423 573 1546 609 könne
1550 573 1659 616 man
1674 573 1793 612 ihren

294 624 458 676 Schall
460 635 564 676 wenn
564 624 614 674 ſie
620 631 746 672 hervor
754 626 878 670 breche
884 624 997 678 hören
1003 624 1081 674 und
1090 626 1129 667 es
1133 624 1293 663 würden
1299 620 1416 672 alhier
1421 624 1479 667 die
1477 618 1624 665 Götter
1628 620 1678 670 in
1682 624 1788 663 einer

281 682 359 726 viel
370 682 545 733 ſchönern
556 686 647 728 und
657 678 935 724 fürtrefflichern
942 674 1103 721 Gestalt
1103 676 1271 717 geſehen.
1278 676 1438 721 Dieſes
1447 674 1535 721 aber
1549 673 1647 727 treffe
1656 676 1788 719 anjtzo

289 737 475 784 würcklich
480 737 555 784 zu/
568 734 621 785 da
630 733 729 782 Ihr.
744 732 975 786 Königliche
987 726 1148 778 Majeſt.
1150 726 1278 773 indem
1293 726 1343 775 ſie
1356 728 1427 773 den
1438 728 1797 769 verwunderswür-

284 788 396 837 digen
403 785 558 835 Glantz
574 785 677 837 ihrer
688 783 820 834 hohen
830 790 911 829 und
914 780 1150 829 Königlichen
1161 778 1375 830 Tugenden
1392 783 1512 832 durch
1526 784 1600 827 den
1624 785 1797 821 gantzen

282 835 493 884 Erdboden
498 842 678 886 ergoſſen/
683 838 751 890 itzo
758 840 808 882 in
808 839 885 882 den
888 832 1138 884 Preußiſchen
1138 830 1298 879 Landen
1315 837 1428 878 durch
1439 832 1699 876 Annehmung
1709 830 1790 874 der

281 891 524 943 Königlichen
531 887 688 934 Würde
690 891 791 936 einer
794 894 908 934 neuen
909 891 1101 930 Sonnen
1107 889 1234 934 gleich/
1233 891 1301 928 viel
1307 886 1472 933 herlicher
1475 891 1558 925 und
1564 889 1785 925 allerdurch-

277 944 480 995 lauchtigſt
482 947 612 990 hervor
622 947 844 988 gebrochen.
904 939 973 988 An
979 943 1142 985 welcher
1146 941 1343 991 Herligkeit
1359 941 1459 985 auch
1470 933 1540 981 die
1543 934 1785 980 Großmäch-

275 996 393 1048 tigſte
392 996 557 1049 Königin
561 998 675 1048 ihren
674 989 793 1046 Theil
800 995 945 1042 nehmen
954 991 1085 1042 könne.
1138 989 1468 1036 Commemorata
1485 993 1622 1037 priſcis
1630 988 1783 1032 ſeculis

282 1053 330 1097 ac
347 1048 410 1092 ob
412 1048 650 1102 inuſitatam
653 1044 872 1090 fortunam
884 1051 1173 1092 commendata
1183 1041 1246 1089 eſt
1249 1044 1561 1082 Lacedæmonia
1566 1039 1777 1090 Lampido,

275 1100 366 1152 ſagt
372 1109 429 1150 er/
434 1111 535 1155 qvod
534 1104 666 1144 eadem
662 1100 701 1143 &
718 1106 815 1145 Regis
824 1100 901 1145 filia
906 1102 949 1137 &
962 1104 1058 1138 uxor
1063 1102 1101 1138 &
1114 1110 1243 1136 mater
1243 1099 1372 1143 fuerit.
1443 1095 1504 1136 In
1507 1092 1591 1140 hac
1593 1102 1701 1136 vero
1714 1099 1786 1136 uti

283 1151 397 1201 nihil,
395 1154 427 1197 ſi
429 1156 486 1197 ab
487 1151 571 1195 hoc
578 1156 674 1192 uno
676 1156 745 1195 rec
751 1156 898 1192 eſſeris,
900 1149 1055 1197 illuſtre
1069 1153 1183 1195 fuit,
1213 1156 1304 1199 qvo
1315 1147 1421 1192 'cum
1434 1151 1605 1193 Auguſta
1621 1142 1787 1196 Regina

279 1204 421 1253 noſtra
429 1207 604 1249 conferri
615 1212 751 1259 qveat:
758 1204 822 1243 ſic
822 1209 917 1245 hac
913 1213 1081 1245 qvoqve
1087 1204 1140 1247 in
1149 1209 1260 1247 parte
1268 1205 1327 1236 ab
1336 1204 1389 1234 ea
1395 1204 1636 1249 ſuperatur,
1640 1209 1684 1236 ut
1701 1205 1791 1245 qvo

280 1263 476 1303 Electoris,
481 1263 552 1304 qvi
557 1269 664 1304 pares
672 1263 825 1303 Regibus
837 1261 922 1301 ſunt
930 1258 1053 1303 Filia,
1051 1256 1157 1298 Soror
1158 1256 1203 1296 &
1215 1259 1379 1298 Nurus,
1394 1256 1490 1299 Regis
1502 1253 1647 1303 Conjux
1654 1247 1693 1286 &
1713 1256 1782 1289 non

281 1317 407 1353 unius
407 1319 595 1358 tantum,
595 1319 712 1358 qvem
720 1319 832 1352 nobis
845 1312 971 1353 dedit,
982 1309 1104 1350 Regis
1108 1309 1258 1352 Mater,
1264 1305 1317 1354 ſed
1323 1313 1532 1346 multorum
1534 1301 1636 1354 longo
1647 1309 1783 1344 ordine

276 1358 548 1403 ſecuturorum,
546 1362 590 1403 ut
595 1371 816 1403 precamur,
818 1365 987 1403 genetrix
987 1358 1132 1403 futura
1136 1355 1201 1403 eſt.

411 1413 563 1461 Weiter
578 1412 760 1462 hinunter
776 1411 907 1462 ſtehet/
911 1412 955 1462 es
959 1409 1026 1465 ſey
1030 1409 1220 1455 Preuſſen
1222 1409 1328 1461 Ihr.
1332 1409 1524 1452 Majeſtät
1538 1411 1622 1446 eben
1630 1407 1688 1452 ſo
1695 1411 1780 1452 ver-

272 1463 436 1512 bunden
443 1468 524 1510 als
524 1471 603 1516 wie
613 1473 801 1513 ehemahls
811 1459 867 1509 die
874 1461 1105 1515 Provintzien
1124 1471 1188 1509 des
1199 1456 1428 1510 Römiſchen
1434 1454 1576 1509 Reichs
1586 1459 1668 1502 dem
1674 1459 1778 1498 Key-

272 1519 333 1572 ſer
344 1521 573 1566 Hadriano,
578 1523 654 1558 der
663 1517 741 1563 alle
750 1521 851 1567 ſeine
866 1511 1007 1561 Länder
1009 1516 1228 1558 durchreiſet
1235 1517 1330 1554 und/
1332 1519 1402 1556 wo
1400 1517 1444 1558 ſie
1461 1521 1504 1554 es
1512 1506 1689 1554 bedurfft/
1697 1516 1782 1552 ver-

271 1575 408 1618 beſſert
414 1574 489 1610 und
506 1568 621 1616 ihnen
630 1566 893 1618 aufgeholffen.
965 1566 1069 1610 Und
1069 1564 1141 1601 wie
1166 1570 1253 1612 nun
1264 1564 1361 1603 dieſe
1371 1562 1471 1610 ihme
1477 1556 1612 1610 hiervor
1612 1562 1784 1612 meiſten-

277 1626 393 1672 theils
408 1622 488 1668 ihre
505 1623 694 1669 Müntzen
715 1626 853 1671 untern
860 1619 968 1668 Titel
982 1617 1153 1669 Achajæ,
1152 1616 1318 1659 Galliæ,
1322 1618 1521 1664 Hiſpaniæ
1525 1608 1618 1655 oder
1622 1614 1778 1660 Africæ

273 1675 536 1720 Reſtitutoris
539 1671 763 1719 gewidmet/
789 1664 840 1719 ſo
840 1673 969 1707 könne
967 1668 1058 1712 ihre
1066 1668 1283 1718 Königliche
1290 1664 1474 1716 Majeſtät
1489 1673 1571 1707 mit
1577 1667 1673 1710 allen
1680 1668 1780 1716 Fug

276 1727 359 1769 und
364 1720 501 1767 Rechte
510 1726 739 1769 Reſtitutor
739 1716 928 1761 Boruſſiæ
931 1718 1020 1765 und
1019 1715 1141 1763 Felix
1146 1718 1374 1771 Reparator
1383 1723 1607 1769 temporum
1620 1716 1778 1763 heiſſen/

277 1779 329 1820 da
340 1787 374 1823 er
381 1775 509 1828 dieſem
524 1773 734 1826 berühmten
749 1770 893 1821 Volcke
907 1770 961 1815 die
979 1767 1099 1821 längſt
1105 1769 1302 1818 verlohrne
1312 1773 1517 1812 Königliche
1524 1773 1677 1814 Würde
1682 1768 1776 1812 wie-

279 1831 342 1875 der
369 1828 549 1881 gefunden
574 1827 657 1873 und
673 1826 928 1869 eingebracht.
993 1821 1089 1867 Und
1118 1821 1206 1863 weil
1221 1823 1280 1865 die
1302 1819 1444 1865 Marck
1474 1820 1572 1870 nicht
1597 1820 1773 1872 weniger/

276 1883 355 1925 wie
360 1880 447 1933 auch
458 1879 691 1919 inſonderheit
702 1878 758 1921 die
760 1872 983 1925 Univerſität
987 1871 1221 1927 Franckfurt/
1225 1872 1294 1925 ſich
1309 1875 1375 1917 des
1384 1877 1627 1921 Königlichen
1632 1877 1778 1914 Schu-

277 1936 349 1984 tzes
363 1930 528 1984 erfreuet/
540 1932 583 1981 ſo
598 1929 778 1983 wünſchet
797 1939 838 1971 er
853 1930 925 1971 mit
943 1935 1015 1980 gar
1030 1926 1332 1980 nachdrücklichen
1339 1924 1510 1971 Worten
1519 1923 1616 1974 Ihr.
1623 1923 1771 1979 König-

278 1986 391 2031 lichen
421 1979 606 2029 Majeſtät
630 1984 713 2025 und
741 1983 826 2026 dero
854 1980 1089 2030 Königlichen
1122 1980 1252 2031 Hauſe
1292 1987 1360 2032 zur
1383 1975 1660 2031 Wiederkunfft
1687 1979 1770 2025 aus

281 2035 461 2094 Preuſſen
480 2034 601 2083 Glück
621 2037 704 2083 und
720 2035 812 2081 alles
833 2031 930 2086 hohe
940 2030 1238 2087 Wohlergehen.

276 1403 548 1409 ſecuturorum,
546 1403 590 1404 ut
595 1403 816 1409 precamur,
818 1403 987 1414 genetrix
987 1403 1132 1406 futura
1136 1403 1201 1404 eſt.

283 2232 479 2278 XXXIV.
493 2230 702 2286 Gröſſeſte
706 2225 955 2285 Erhöhung
962 2236 1054 2273 von
1058 2229 1253 2284 Preuſſen
1263 2228 1353 2273 und
1363 2220 1532 2278 höchſte
1551 2222 1765 2276 Glückſee-

452 2284 601 2343 ligkeit
627 2283 732 2328 aller
762 2280 947 2336 Königl.
979 2283 1067 2325 und
1087 2278 1447 2330 Churfürſtlichen
1465 2280 1610 2324 Lande
1624 2281 1763 2332 insge-

454 2339 568 2387 mein
580 2338 668 2387 und
672 2334 803 2391 dieſer
813 2334 994 2390 Staͤdte
1010 2333 1286 2390 inſonderheit
1297 2340 1427 2387 unter
1427 2333 1515 2380 und
1534 2325 1664 2376 durch
1745 2341 1763 2372 -
1689 2340 1705 2364 -

1090 2385 1137 2442 H

1648 2378 1757 2436 Frie-
