2548 2860
818 385 979 428 hemico
992 386 1299 435 Apellationum
1308 369 1516 423 Tribunali
1516 362 1725 422 Cæſareo;
1741 364 1854 411 unde
1856 360 2143 405 Serenisſimus
2143 357 2246 409 Dux

821 440 1026 488 Antonius
1031 435 1195 484 Ulricus
1192 431 1388 484 Auguſtæ
1396 421 1667 477 Bibliothecæ
1688 421 1781 471 ſuæ
1795 416 1988 465 qvæſivit.
2057 410 2247 466 Pleriqve

822 494 958 550 ſcripto
963 489 1064 534 ſunt
1066 488 1315 539 temporibus
1332 477 1671 533 Carolingiorum,
1690 474 1734 519 &
1734 474 1791 519 ne
1801 470 1973 514 dubites,
1977 473 2094 511 extat
2094 463 2145 511 in
2145 469 2246 511 iuno

821 546 1047 594 Catalogus
1047 540 1133 594 ipſe
1143 544 1329 592 antiqvus
1337 529 1591 579 Bibliothecæ
1602 524 1845 577 Monaſterii,
1841 522 1996 568 addito
1996 522 2157 568 nomine
2169 517 2257 558 Ab-

823 600 943 646 batis,
949 593 1024 646 ubi
1024 593 1073 646 hi
1073 593 1154 646 ipſi
1154 593 1268 646 bona
1277 603 1328 633 ex
1329 591 1450 643 parte
1454 583 1728 634 recenſentur,
1745 592 1815 637 qvi
1828 582 1960 630 nuper
1957 572 2253 620 Gvelfebytum

824 655 936 691 fuere
946 648 1145 687 translati:
1172 653 1346 698 qvorum
1383 640 1522 689 aſſerta
1523 633 1775 691 antiqvitate
1785 628 1913 680 ſimul
1925 626 1984 678 &
1984 625 2057 672 alii
2057 623 2176 670 multi
2175 629 2258 675 per

824 705 926 756 ipſos
937 712 1046 741 extra
1055 708 1365 741 controverſiam
1372 701 1594 747 ponuntur.
1643 687 1723 732 Sed
1723 691 1824 729 non
1824 684 1895 727 eſt
1895 682 2014 726 qvod
2014 681 2073 724 ei
2073 680 2140 723 rei
2140 678 2257 722 nunc

825 751 1110 804 immoremur,
1110 748 1269 797 præſtat
1269 744 1514 794 dubitationi
1514 746 1732 789 occurrere
1732 737 1959 785 doctisſimi
1959 736 2053 780 viri.

951 809 1156 860 Eqvidem
1162 811 1305 847 verum
1311 804 1464 853 ſemper
1474 810 1572 842 vero
1584 804 1786 837 conſonat,
1797 795 1837 833 &
1845 792 2035 837 pauculas
2050 785 2266 824 difficulta-

825 875 889 903 tes
905 862 1118 913 aliqvando
1136 872 1185 901 ex
1202 869 1336 901 errore
1356 853 1670 897 monetariorum
1691 853 1772 894 aut
1775 844 2023 898 ſculptorum
2031 843 2154 884 natas
2157 843 2254 877 con-

825 917 1014 956 ſentienti
1030 924 1094 953 tot
1102 913 1288 952 codicum
1297 910 1389 951 fidei
1398 918 1517 946 nemo
1528 904 1698 956 prudens
1714 895 1942 955 prætulerit.
1950 897 2094 947 Itaqve
2111 894 2256 932 autori-

825 976 920 1020 tate
920 968 1088 1020 aliqvot
1088 968 1369 1012 numismatum
1378 966 1632 1013 oppugnare,
1666 963 1760 1013 qvæ
1760 959 1921 1010 magno
1928 949 2117 992 conſenſu
2126 950 2181 991 ex
2186 941 2257 979 Fa-

828 1020 889 1073 ſtis
905 1024 948 1061 &
962 1027 1157 1058 Ammiano
1173 1020 1215 1058 &
1222 1019 1403 1066 Ambroſio
1421 1014 1470 1054 &
1470 1009 1693 1052 Hieronymo
1693 1008 1744 1047 &
1744 1003 1970 1046 Marcellino
1970 1000 2127 1041 Comite,
2127 997 2263 1038 Idacio,

827 1075 1017 1126 Proſpero,
1024 1074 1173 1122 Zoſimo,
1172 1074 1335 1115 Socrate
1352 1075 1558 1110 Sozomeno,
1593 1064 1806 1107 Theodoreto
1806 1058 1962 1112 ipſisqve
1961 1048 2265 1101 Conſtitutionune

828 1130 1152 1180 Imperatoriarum
1164 1124 1342 1161 Codicibus
1360 1121 1583 1168 Theodoſiano
1594 1116 1637 1161 &
1642 1114 1866 1167 Fuſtinianeo
1878 1104 2087 1157 eruuntur,
2091 1107 2264 1150 novum-

828 1186 918 1234 qve
918 1178 1141 1234 Principem
1150 1187 1290 1219 creare
1297 1184 1367 1214 aut
1374 1180 1564 1217 veterem
1563 1175 1744 1217 movere
1744 1165 1880 1210 loco,
1892 1155 2031 1207 neſcio
2044 1165 2107 1202 an
2108 1152 2253 1199 cadere

827 1235 932 1273 ſerio
945 1234 990 1270 in
996 1237 1234 1282 qvenqvam
1234 1228 1374 1282 posſit.
1447 1226 1544 1273 Nec
1558 1229 1667 1269 vero
1671 1224 1733 1268 ad
1729 1212 2023 1263 correctionem
2039 1214 2110 1252 aut
2108 1205 2261 1259 lapſum

829 1284 1045 1323 monetarii
1053 1283 1271 1329 confugere
1286 1279 1440 1320 neceſſe
1456 1276 1557 1313 eſt,
1585 1287 1678 1313 cum
1699 1265 1974 1317 interpretatio
1992 1262 2143 1301 dudum
2158 1257 2203 1293 ſit
2218 1257 2264 1297 in

828 1342 1044 1391 promptu,
1044 1343 1129 1392 qvæ
1137 1331 1322 1380 Hiſtoriæ
1322 1333 1500 1380 receptæ
1500 1325 1598 1371 ſatis
1602 1323 1816 1372 conſentit.

952 1391 1137 1427 Primum
1156 1394 1288 1425 autem
1302 1384 1462 1425 admitti
1463 1391 1600 1432 neqve
1599 1378 1751 1433 poteſt,
1759 1387 1893 1428 neqve
1894 1372 2031 1418 debet,
2035 1373 2156 1419 qvod
2156 1365 2265 1407 aſſu-

832 1446 958 1485 mitur
973 1449 1058 1479 novi
1067 1442 1181 1491 ſeculi
1189 1441 1341 1491 gloriam
1355 1438 1395 1481 in
1411 1435 1582 1483 nummis
1591 1430 1772 1476 Gratiani
1774 1421 1992 1469 neceſſario
2006 1421 2058 1460 ſic
2070 1417 2265 1470 accipien-

833 1502 941 1538 dam,
951 1505 996 1532 ut
1006 1507 1090 1533 non
1098 1492 1178 1535 niſi
1178 1492 1222 1535 in
1228 1487 1407 1542 primum
1408 1485 1539 1535 ſeculi
1538 1485 1604 1533 ſeu
1619 1481 1860 1527 centenariæ
1869 1475 2024 1528 periodi
2039 1479 2186 1512 annum
2202 1479 2272 1512 ca-

832 1553 932 1591 dere
965 1546 1183 1590 ſecundum
1201 1543 1401 1588 celebrem
1417 1537 1600 1592 aliqvam
1600 1535 1810 1592 Epocham
1810 1531 1944 1586 posſit.
1997 1523 2184 1569 Seculum
2201 1523 2264 1562 vi-

833 1606 955 1645 detur
960 1598 1123 1651 origine
1123 1598 1194 1644 ſua
1198 1595 1337 1638 ſeries,
1344 1604 1521 1643 genusve
1531 1589 1627 1640 eſſe,
1663 1582 1733 1629 ſed
1733 1582 1909 1629 maximè
1922 1577 2207 1623 animantium,
2223 1575 2275 1613 in

836 1651 982 1707 qvibus
991 1649 1149 1701 ſeqvela
1164 1646 1374 1685 naturalis,
1372 1645 1424 1687 id
1431 1643 1499 1687 eſt,
1509 1638 1727 1694 generatio
1727 1635 1808 1678 eſt
1853 1629 1973 1676 Unde
1978 1631 2096 1674 Secla
2096 1631 2270 1678 ſerarum

836 1703 1046 1747 Lucretius
1057 1701 1169 1739 dixit.
1225 1702 1272 1735 Et
1288 1694 1454 1739 muliebre
1474 1694 1595 1741 oritur
1595 1694 1709 1741 patrio
1725 1684 1766 1727 de
1767 1685 1902 1733 ſemine
1907 1682 2065 1733 ſeclum,
2064 1676 2152 1726 i.e.
2151 1672 2265 1719 ſexus

836 1759 962 1798 idem.
1014 1749 1177 1800 Deinde
1177 1742 1423 1793 credidntim
1422 1742 1615 1800 paulatim
1631 1746 1716 1786 non
1715 1734 1889 1788 amplius
1896 1733 2078 1779 viventia
2090 1722 2157 1773 ſed
2163 1721 2279 1769 vitas

835 1805 1077 1863 ſignificaſſe.
1132 1801 1323 1847 Seculum
1335 1798 1451 1849 euim
1451 1797 1645 1846 naturale
1645 1787 1739 1842 vita
1739 1785 1923 1841 hominis
1923 1780 2185 1838 longisſima,
2219 1791 2268 1822 ut

840 1861 1016 1915 explicat
1026 1853 1269 1901 Cenſorinus
1285 1852 1422 1903 bonus
1423 1853 1545 1898 autor
1543 1849 1648 1899 libro
1679 1843 1732 1898 de
1752 1844 1816 1890 die
1829 1835 1985 1888 natali;
1998 1833 2142 1885 Civile
2141 1833 2266 1880 velut

828 1391 1044 1394 promptu,
1044 1391 1129 1394 qvæ

833 1929 912 1970 per
919 1913 1187 1953 averſionem,
1194 1914 1247 1953 ut
1257 1908 1480 1960 loqvuntur
1485 1900 1592 1953 JCti,
1600 1909 1719 1953 certo
1731 1898 1898 1951 numero
1906 1896 2121 1936 annorum
2131 1881 2279 1929 defini-

842 1970 997 2008 ebatur.
1049 1959 1126 2008 Uti
1126 1959 1322 2008 naturalis
1330 1959 1514 2012 pubertas
1530 1952 1747 2008 generandi
1747 1945 1976 1991 facultate,
1985 1937 2112 1987 civilis
2122 1933 2183 1985 in
2182 1948 2281 1988 ma-

842 2018 956 2061 ſculo
975 2014 1300 2070 qvatuordecim,
1309 2014 1352 2051 in
1359 2010 1524 2051 fœmina
1538 2007 1751 2051 duodecim
1763 2001 1874 2045 annis
1891 1997 1981 2048 lege
1989 1987 2269 2039 circumſcribi-

842 2085 922 2113 tur.
976 2075 1117 2124 Itaqve
1136 2078 1323 2110 veterum
1338 2062 1541 2109 ſententia
1541 2060 1636 2109 fuit,
1646 2069 1723 2114 qva
1738 2053 1806 2101 die
1806 2053 1927 2101 urbes
1949 2053 2069 2103 atqve
2086 2045 2269 2087 civitates

845 2123 1206 2167 conſtituerentur,
1206 2119 1262 2165 de
1262 2119 1341 2165 his,
1351 2118 1420 2169 qvi
1435 2128 1480 2162 ea
1495 2114 1557 2154 die
1565 2113 1648 2154 nati
1657 2108 1825 2156 eſſent,
1851 2103 1963 2146 illum
1978 2101 2046 2155 qvi
2056 2097 2269 2141 diutisſimè

848 2177 1026 2220 vixiſſet;
1054 2176 1119 2217 die
1136 2173 1276 2217 mortis
1291 2171 1367 2218 ſuæ
1385 2166 1511 2222 primi
1511 2161 1629 2222 ſeculi
1644 2160 1849 2208 modulum
1863 2156 1993 2205 finire,
2004 2157 2054 2205 ex
2069 2159 2157 2207 qvo
2157 2156 2281 2202 nova

849 2232 993 2271 deinde
1009 2226 1138 2272 ſimilis
1154 2224 1403 2276 computatio
1420 2221 1516 2265 eſſet
1548 2216 1815 2257 inſtituenda;
1843 2210 1912 2254 ſed
1934 2208 2027 2260 qvia
2042 2206 2132 2250 hæc
2145 2205 2281 2244 inter-

849 2283 954 2325 valla
969 2281 1203 2334 plerumqve
1219 2277 1531 2330 ignorarentur,
1566 2280 1724 2326 portenta
1739 2265 1847 2314 miſſa
1866 2261 2058 2302 divinitus
2070 2259 2268 2297 admonere.

850 2338 984 2396 Qvod
984 2338 1261 2384 commentum
1271 2329 1348 2377 eſſe
1357 2330 1467 2390 puto
1466 2333 1623 2380 eorum,
1627 2323 1703 2384 qvi
1706 2321 1902 2367 rationem
1912 2315 2028 2373 primæ
2043 2312 2207 2354 ludorum
2210 2305 2270 2360 ſe-

2158 2371 2267 2408 cula.
