2548 2860
1091 2386 1135 2440 H

288 366 446 421 perium
466 361 641 410 auxerit,
662 371 755 404 cum
775 357 953 404 bellandi
967 355 1096 412 gloria
1109 368 1194 399 non
1210 352 1384 404 ceſſeris,
1385 350 1518 411 majus
1532 352 1575 399 in
1599 358 1705 412 pace
1721 349 1795 396 de-

792 415 859 456 ille
283 429 357 462 cus
377 417 631 469 acqviſiviſti,
873 413 1085 464 triumphis
1098 410 1297 452 omnisbus.
647 428 767 469 qvam

288 627 450 679 Schall
455 637 564 672 wenn
572 628 614 679 ſie
622 628 753 678 hervor
761 625 878 670 breche
884 624 995 674 hoͤren
1004 624 1081 667 und
1090 626 1129 665 es
1135 624 1289 663 wuͤrden
1300 620 1415 668 alhier
1421 621 1475 665 die
1477 618 1617 664 Goͤtter
1630 620 1670 665 in
1683 620 1784 663 einer

283 682 356 725 viel
372 682 543 732 ſchoͤnern
560 682 639 724 und
657 676 930 729 fuͤrtrefflichern
943 674 1102 721 Gestalt
1104 676 1264 727 geſehen.
1298 671 1437 729 Dieſes
1451 674 1535 717 aber
1549 673 1645 725 treffe
1661 671 1784 721 anjtzo

283 578 395 632 geben
412 578 491 618 und
499 573 724 627 geſchloſſen/
749 578 791 618 es
800 579 891 622 gehe
903 571 961 615 die
970 571 1121 614 Sonne
1131 571 1215 612 alda
1222 565 1315 616 auf/
1337 571 1416 611 und
1423 573 1546 609 koͤnne
1557 576 1648 611 man
1677 566 1787 612 ihren

286 945 472 994 lauchtigſt
488 947 616 990 hervor
628 942 837 996 gebrochen.
907 939 972 985 An
993 939 1136 990 welcher
1148 935 1340 989 Herligkeit
1359 935 1453 985 auch
1473 935 1531 979 die
1544 934 1781 980 Großmaͤch⸗

283 997 387 1047 tigſte
399 996 563 1048 Koͤnigin
569 995 670 1046 ihren
677 994 789 1041 Theil
800 995 945 1042 nehmen
957 991 1085 1036 koͤnne.
1140 993 1468 1035 Commemorata
1487 986 1622 1042 priſcis
1636 988 1779 1027 ſeculis

283 1061 334 1089 ac
353 1050 408 1088 ob
424 1050 645 1095 inuſitatam
666 1048 868 1088 fortunam
893 1046 1170 1083 commendata
1183 1041 1241 1084 eſt
1253 1041 1554 1082 Lacedæmonia
1566 1039 1777 1090 Lampido,

281 1204 415 1247 noſtra
430 1207 604 1249 conferri
613 1211 751 1259 qveat:
769 1204 818 1243 ſic
831 1203 907 1244 hac
914 1214 1079 1256 qvoqve
1091 1204 1138 1247 in
1150 1209 1260 1253 parte
1276 1199 1327 1240 ab
1339 1211 1389 1239 ea
1403 1198 1632 1249 ſuperatur,
1645 1208 1689 1236 ut
1701 1205 1782 1245 qvo

280 1263 470 1303 Electoris,
484 1265 554 1311 qvi
559 1271 664 1311 pares
673 1258 824 1312 Regibus
830 1257 920 1305 ſunt
931 1258 1048 1298 Filia,
1055 1257 1156 1294 Soror
1160 1256 1203 1296 &
1210 1256 1369 1296 Nurus,
1388 1252 1490 1303 Regis
1504 1253 1641 1303 Conjux
1657 1248 1701 1289 &
1708 1261 1779 1286 non

282 1317 401 1353 unius
415 1319 588 1354 tantum,
603 1319 712 1361 qvem
730 1310 832 1352 nobis
849 1312 971 1349 dedit,
992 1311 1095 1358 Regis
1102 1309 1255 1349 Mater,
1255 1303 1322 1352 ſed
1331 1305 1526 1342 multorum
1539 1303 1636 1354 longo
1652 1301 1779 1339 ordine

273 1358 541 1413 ſecuturorum,
548 1373 590 1401 ut
607 1372 812 1408 precamur,
820 1365 987 1409 genetrix
991 1358 1130 1407 futura
1142 1355 1201 1403 eſt.

289 733 472 784 wuͤrcklich
484 741 550 784 zu/
569 734 618 777 da
630 733 728 782 Jhr.
744 728 969 783 Koͤnigliche
987 726 1142 778 Majeſt.
1162 727 1285 770 indem
1301 726 1346 775 ſie
1356 728 1427 770 den
1441 724 1784 769 verwunderswuͤr⸗

284 788 395 837 digen
411 785 548 836 Glantz
579 785 672 834 ihrer
692 783 813 834 hohen
834 784 911 828 und
914 780 1144 829 Koͤniglichen
1161 778 1366 830 Tugenden
1395 777 1509 828 durch
1530 779 1598 821 den
1629 780 1784 830 gantzen

286 837 489 884 Erdboden
503 837 678 886 ergoſſen/
686 838 749 890 itzo
765 836 805 880 in
812 839 882 880 den
891 832 1135 884 Preußiſchen
1147 830 1295 877 Landen
1318 831 1428 881 durch
1444 832 1696 882 Annehmung
1712 830 1781 874 der

281 1100 366 1152 ſagt
373 1110 431 1147 er/
665 1101 711 1143 &
718 1105 822 1153 Regis
815 1100 901 1150 filia
908 1100 952 1137 &
956 1111 1052 1137 uxor
1065 1099 1109 1138 &
1115 1110 1234 1136 mater
1243 1099 1370 1143 fuerit.
1448 1095 1494 1132 In
1510 1093 1587 1132 hac
1601 1102 1701 1133 vero
1715 1089 1781 1130 uti
539 1101 661 1141 eadem
436 1101 535 1154 qvod

283 1153 397 1197 nihil,
400 1154 427 1195 ſi
434 1156 482 1195 ab
487 1155 571 1195 hoc
586 1159 669 1192 uno
676 1164 743 1194 rec
748 1152 892 1194 eſſeris,
906 1149 1053 1190 illuſtre
1072 1149 1179 1193 fuit,
1218 1159 1302 1199 qvo
1316 1147 1417 1192 'cum
1434 1143 1609 1197 Auguſta
1622 1142 1780 1195 Regina

284 891 522 943 Koͤniglichen
534 889 688 937 Wuͤrde
695 891 789 934 einer
796 897 908 933 neuen
918 886 1099 931 Sonnen
1108 883 1230 939 gleich/
1234 884 1302 927 viel
1308 886 1470 933 herlicher
1475 883 1554 925 und
1564 880 1781 925 allerdurch⸗

574 471 719 513 weiter/
726 474 815 511 man
413 470 472 517 Er
486 467 568 524 ſagt
830 465 921 518 habe
943 464 1010 517 ſich
1033 472 1102 508 vor
1121 463 1220 506 alten
1235 462 1361 514 Zeiten
1375 461 1554 507 entweder
1569 459 1784 515 eingebildet

284 527 371 570 oder
387 523 582 573 gedichtet/
588 524 650 567 als
658 523 773 565 werde
779 529 856 563 von
871 521 953 562 dem
959 520 1101 563 Meere/
1103 514 1139 566 ſo
1149 526 1199 557 an
1209 515 1388 570 Preuſſen
1394 513 1503 566 ſtoͤßt/
1504 516 1557 559 die
1568 516 1667 561 Erde
1675 514 1785 556 umb⸗

411 1413 563 1461 Weiter
579 1411 756 1463 hinunter
776 1411 904 1462 ſtehet/
915 1413 955 1451 es
963 1409 1018 1461 ſey
1034 1409 1208 1459 Preuſſen
1222 1404 1321 1456 Jhr.
1334 1401 1521 1452 Majeſtaͤt
1638 1400 1677 1452 ſo
1697 1408 1777 1445 ver⸗
1538 1401 1622 1446 eben

279 1464 432 1511 bunden
447 1468 513 1509 als
526 1466 597 1509 wie
617 1462 806 1513 ehemahls
815 1464 871 1506 die
874 1462 1109 1515 Provintzien
1125 1461 1190 1503 des
1200 1459 1418 1510 Roͤmiſchen
1434 1454 1574 1507 Reichs
1582 1457 1664 1499 dem
1675 1453 1778 1507 Key⸗

274 1520 333 1571 ſer
347 1521 572 1561 Hadriano,
584 1518 647 1558 der
667 1516 736 1559 alle
754 1513 844 1565 ſeine
867 1514 1006 1559 Laͤnder
1019 1510 1227 1563 durchreiſet
1235 1511 1328 1553 und/
1328 1520 1390 1554 wo
1406 1507 1448 1558 ſie
1461 1512 1503 1551 es
1520 1506 1693 1560 bedurfft/
1698 1516 1779 1550 ver⸗

281 1572 407 1622 beſſert
414 1574 489 1610 und
507 1568 619 1616 ihnen
631 1566 892 1618 aufgeholffen.
971 1566 1061 1608 Und
1076 1565 1145 1606 wie
1166 1573 1245 1606 nun
1271 1561 1358 1611 dieſe
1375 1561 1469 1610 ihme
1484 1559 1609 1610 hiervor
1614 1557 1778 1610 meiſten⸗

277 1626 393 1672 theils
415 1622 488 1671 ihre
506 1623 688 1669 Muͤntzen
717 1622 850 1662 untern
861 1615 958 1664 Titel
976 1613 1152 1666 Achajæ,
1155 1616 1317 1659 Galliæ,
1325 1613 1520 1660 Hiſpaniæ
1528 1612 1616 1655 oder
1627 1614 1775 1654 Africæ

277 1675 536 1719 Reſtitutoris
541 1671 763 1719 gewidmet/
790 1669 839 1718 ſo
847 1668 969 1710 koͤnne
978 1668 1058 1712 ihre
1067 1666 1278 1717 Koͤnigliche
1290 1664 1477 1716 Majeſtaͤt
1489 1663 1561 1707 mit
1577 1663 1669 1707 allen
1683 1661 1772 1715 Fug

276 1727 359 1769 und
367 1722 501 1767 Rechte
519 1723 738 1763 Reſtitutor
741 1716 924 1761 Boruſſiæ
932 1718 1011 1763 und
1023 1715 1133 1758 Felix
1148 1718 1368 1765 Reparator
1383 1725 1607 1764 temporum
1627 1716 1772 1767 heiſſen/

277 1779 329 1820 da
340 1787 374 1823 er
381 1775 509 1828 dieſem
524 1773 734 1826 beruͤhmten
749 1770 893 1821 Volcke
907 1770 961 1815 die
979 1767 1099 1821 laͤngſt
1106 1769 1295 1818 verlohrne
1301 1765 1514 1819 Koͤnigliche
1521 1765 1677 1813 Wuͤrde
1683 1769 1772 1811 wie⸗

279 1831 342 1875 der
369 1828 549 1881 gefunden
574 1827 657 1871 und
678 1826 918 1877 eingebracht.
993 1824 1089 1867 Und
1118 1822 1206 1863 weil
1221 1823 1280 1865 die
1303 1821 1444 1865 Marck
1474 1820 1572 1870 nicht
1597 1820 1773 1872 weniger/

276 1883 355 1925 wie
360 1880 447 1933 auch
702 1881 758 1921 die
760 1872 983 1925 Univerſitaͤt
987 1871 1221 1925 Franckfurt/
1225 1872 1294 1925 ſich
1309 1875 1375 1917 des
1384 1869 1615 1926 Koͤniglichen
1633 1871 1774 1920 Schu⸗
458 1879 695 1932 inſonderheit

277 1936 349 1984 tzes
363 1930 528 1984 erfreuet/
540 1932 583 1978 ſo
598 1929 778 1983 wuͤnſchet
797 1939 833 1971 er
853 1930 925 1971 mit
945 1935 1015 1978 gar
1030 1927 1332 1980 nachdruͤcklichen
1339 1924 1510 1971 Worten
1519 1923 1616 1974 Jhr.
1623 1923 1771 1979 Koͤnig⸗

278 1986 391 2031 lichen
421 1981 606 2029 Majeſtaͤt
630 1984 713 2025 und
741 1983 826 2026 dero
857 1980 1089 2029 Koͤniglichen
1122 1980 1252 2031 Hauſe
1292 1987 1360 2032 zur
1383 1975 1660 2031 Wiederkunfft
1687 1979 1770 2025 aus

281 2035 461 2094 Preuſſen
480 2034 601 2083 Gluͤck
621 2037 704 2083 und
720 2035 812 2081 alles
833 2031 930 2086 hohe
940 2031 1238 2087 Wohlergehen.

283 2232 479 2278 XXXIV.
493 2230 702 2285 Groͤſſeſte
706 2225 955 2284 Erhoͤhung
962 2236 1054 2273 von
1058 2229 1253 2284 Preuſſen
1263 2228 1353 2273 und
1363 2220 1532 2277 hoͤchſte
1551 2222 1765 2276 Gluͤckſee⸗

452 2284 601 2341 ligkeit
627 2283 732 2328 aller
762 2281 947 2333 Koͤnigl.
979 2283 1067 2325 und
1087 2279 1447 2330 Churfuͤrſtlichen
1465 2280 1610 2324 Lande
1624 2281 1763 2332 insge⸗

1745 2341 1763 2372 ⸗
1689 2340 1705 2364 ⸗
454 2339 568 2387 mein
580 2338 668 2387 und
672 2334 803 2391 dieſer
813 2336 994 2388 Staͤdte
1010 2333 1286 2390 inſonderheit
1297 2340 1427 2387 unter
1427 2333 1515 2380 und
1534 2325 1664 2376 durch

1650 2379 1757 2434 Frie⸗
