1024 1841
317 218 365 252 358

532 207 712 244 Kurtzbuͤndige

346 266 443 296 Sonſten
454 265 511 293 hatte
520 263 580 291 dieſer
591 262 669 291 Abgott
688 259 770 289 Oſiris
790 258 820 282 bei
838 258 915 281 andern

319 297 397 323 voͤlkern
403 296 452 324 noch
458 294 547 320 uͤberaus
553 295 593 317 viel
605 295 675 317 andere
682 291 784 317 nahmen;
795 289 864 315 welche
871 294 917 315 zum

658 320 816 349 kurtzbuͤndigem
833 319 918 348 gedichte
320 330 356 353 teil
373 327 489 358 Auſonius
500 328 522 348 in
532 326 605 353 ſeinem
618 332 645 352 29

320 360 421 390 folgender
432 358 500 386 geſtalt
507 360 627 384 angezogen:

385 404 470 435 Ogygia
479 410 512 424 me
520 402 620 424 Bacchum
631 406 700 426 vocat,

386 436 449 463 Oſirin
458 434 565 463 Ægyptus
576 438 646 462 putat,

389 465 465 495 Myſtæ
476 464 579 486 Phanacen
589 463 709 488 nominant,

390 495 486 525 Dionyſon
495 494 542 517 Indi
552 493 682 518 exiſtimant,

390 528 487 549 Romana
496 526 546 547 ſacra
557 523 660 548 Liberum,

389 557 475 579 Arabica
482 563 530 586 gens
539 554 655 579 Adoneum,

388 587 512 610 Lucaniacus
523 585 640 608 Pantheum.

328 632 372 658 Die
381 631 478 658 Griechen
484 633 557 655 nenten
563 628 600 657 ihn
606 626 742 657 gemeiniglich
749 626 865 656 Bachus;
879 627 923 651 und

328 665 361 686 die
367 663 469 688 Lateiner/
478 661 528 688 ſeine
534 660 672 686 fuͤrtrefligkeit
679 659 803 684 anzuzeigen/
810 657 879 682 Liber,
883 659 926 680 das

328 694 353 721 iſt
360 692 454 721 Sohn/
464 689 566 718 naͤhmlich
578 691 613 712 des
618 688 741 721 Jupiters.
757 687 825 711 Beide
836 687 925 715 nahmen

329 723 394 752 haben
404 723 481 746 einerlei
491 722 616 748 bedeutung:
627 723 669 743 und
680 720 738 747 dieſer
751 718 835 746 ſcheinet
846 723 888 741 von
899 719 923 744 je-

328 759 376 777 nem
387 752 505 781 entſproſſen
515 757 537 777 zu
548 751 598 779 ſein.
623 749 728 776 Bachus
740 750 828 776 Βάκχος
840 749 866 777 iſt
883 752 927 772 aus

329 787 413 808 ברבוש
424 781 543 806 Bar-Chus,
554 782 593 805 das
600 781 623 809 iſt
631 782 662 803 der
675 780 751 809 Sohn
758 781 802 803 des
812 778 876 805 Chus,
888 780 926 802 des

329 814 393 842 ſohns
405 813 505 842 Hams/
514 812 606 840 gebildet.
623 811 696 838 Dieſer
702 816 745 832 war
756 810 879 836 Nimrod/
890 810 926 832 des

329 844 417 870 Ninus
427 846 493 867 vater/
500 844 533 866 der
540 842 585 869 erſte
591 841 674 870 herſcher
681 847 703 867 zu
711 839 832 865 Babilon:
844 841 883 863 das
894 840 925 863 bei

329 876 368 898 den
373 874 437 900 Alten
443 875 477 896 des
484 874 544 900 beſten
551 872 640 896 Weines
647 877 712 899 wegen
723 868 833 899 beruͤhmet.
849 870 925 899 Χαιρέας

331 905 343 931 δὲ
351 907 370 925 ὀν
379 905 477 925 Βαϐυλῶνι
488 902 529 924 οἶνον
537 903 584 929 ϕησὶ
593 901 663 930 γένεοϑαι
670 903 682 921 τ̏
689 901 794 928 καλούμενον
808 898 878 926 νεκταρ,
885 903 925 924 das

331 936 372 962 iſt/
550 933 654 963 Babylone
665 933 733 954 Vinum
743 931 792 952 dicit
801 930 854 956 eſſe,
863 927 926 959 quod
381 934 471 956 Chæreas
477 939 542 954 autem

332 965 406 988 Nectar
411 970 495 989 vocant,
506 965 549 993 ſagt
555 964 596 988 der
605 969 652 988 von
657 962 744 991 Atehn.
762 961 813 986 Und
824 960 896 986 daruͤm
903 963 927 990 iſt

332 995 459 1021 Nimrod/
470 996 508 1018 das
514 996 537 1021 iſt
543 993 675 1021 Barchus/
682 999 717 1016 vor
729 994 765 1016 den
775 990 868 1019 erfuͤnder
882 993 925 1015 und

332 1026 410 1054 Abgott
416 1028 452 1049 des
462 1026 539 1048 weines
545 1024 636 1053 gehalten
647 1025 736 1046 worden.
756 1023 827 1050 Sonſt
835 1021 901 1049 heiſſet
908 1028 928 1046 er

333 1056 384 1082 auch
397 1055 493 1080 Belus:
510 1055 569 1083 daher
581 1056 620 1077 das
631 1053 748 1081 Lateiniſche
767 1058 819 1076 wort
835 1053 927 1077 bellum,

333 1088 373 1109 das
379 1087 402 1113 iſt
410 1086 501 1115 Krieg/
664 1085 715 1112 ſein:
729 1084 775 1107 weil
781 1084 838 1110 dieſer
845 1082 927 1107 Belus
507 1086 535 1112 ſol
539 1084 656 1112 entſproſſen

333 1119 379 1141 oder
389 1116 497 1141 Nimrod
671 1115 772 1142 gekrieget/
779 1116 823 1137 oder
830 1114 926 1141 vielmehr
507 1121 551 1141 zum
555 1116 663 1142 allererſten

333 1152 380 1174 zum
387 1147 503 1174 allererſten/
509 1147 546 1168 wie
553 1144 658 1176 Higinus
663 1147 692 1168 im
705 1152 747 1171 274
754 1144 880 1172 lehrgedichte
891 1150 927 1166 an-

333 1176 451 1206 gezeichnet/
457 1179 488 1200 im
495 1178 555 1204 kriege
561 1176 598 1198 den
604 1180 663 1203 degen
669 1173 770 1203 gefuͤhret;
784 1176 809 1197 da
823 1176 854 1198 die
865 1174 928 1200 Egip-

333 1212 364 1231 ter
371 1208 413 1231 und
419 1208 454 1230 alle
461 1207 540 1234 Afriker
552 1211 612 1232 zuvor
619 1209 656 1229 mit
664 1204 746 1234 pruͤgeln
758 1205 865 1233 gefochten.
882 1204 928 1228 Bei

333 1239 371 1263 den
387 1236 490 1262 Kaldeern
506 1236 571 1265 heiſſet
589 1236 675 1261 Nimra,
696 1240 758 1259 גמדא
787 1238 820 1258 ein
841 1235 932 1265 Tiger;

333 1268 417 1296 welches
423 1268 462 1293 auf
466 1269 503 1291 den
509 1268 597 1294 nahmen
603 1266 711 1292 Nimrod
717 1267 792 1294 ſpielet.
798 1266 871 1291 Daher
878 1272 929 1288 war-

769 1296 874 1324 Tigerfelle
333 1300 372 1324 den
384 1300 428 1323 dem
439 1297 554 1327 Barchus
565 1298 610 1321 oder
619 1297 722 1326 Bachus
729 1298 760 1321 die
882 1301 928 1321 zum

854 1326 930 1350 kleide/
