1267 1960
370 506 800 913 L
817 493 1172 527 Actantius ille Firmia-
818 529 1170 563 nus: optime lectoꝛ: cuiꝰ
817 562 1168 595 linguam vnice miratur
819 595 1168 630 hieronymus: Chꝛiſtia
819 629 1170 663 næ religioni patrocina-
821 662 1169 693 turus aduerſus ethni-
822 696 1168 730 cos : cum pꝛimis optat
824 728 1168 764 ſibi dari eloquentiam
823 762 1170 795 Tullianæ Tullianæ pꝛorimamꝛim
827 796 1170 831 pꝛobum ratus: opinoꝛ:
828 828 1170 864 optaſſe parem. At ego
828 862 1171 895 ſane: ſi quid huiuſmodi
829 895 1171 933 votis pꝛoficit: tantiſper
368 930 1171 970 dummoꝛtales omneis ad sanctiſſimum ac faluberrimũ
380 1496 1177 1546 vetus comędia; quæ nō atures tantũ mor peritura volu
361 963 1173 1006 Chꝛiſtianæ philoſophiæ ſtudiũ adhoꝛtoꝛ: ac veluti claſ-
362 995 1172 1035 ſicum canens euoco: vehementer optarim eloquentiam
363 1028 1171 1073 mihi dari: longe aliam quam fuerit Ciceroni: ſt minus
364 1062 1173 1107 picturatam ̃ fuit illius: certe multo magis efficacem.
365 1095 1172 1142 Immo ſi cui vn̃ talis contigit dicendi vis: qualem nõ
369 1129 1173 1169 omnino ſine cauſſa: veterum poetarum fabulæ ſubnota
367 1162 1173 1204 runt in Wercurio: qui ceu magica virga dwina citha
368 1196 1174 1237 ra ſomnũ immittit cum libet: ⁊ idem adimit: quos vult
370 1228 1175 1272 ad inferos Ipellẽs:ac rurſus ab inferis euocãs:aut qua
374 1262 1176 1306 lem ſignarunt in Amphione Oꝛpheo: quoꝛum alter ri
375 1295 1175 1342 gida mouiſſe ſara:alter quercus ⁊ oꝛnos traxiſſe citha-
376 1328 1175 1373 ra:fingitur:aut qualẽ Ognuo fuo tribuebant Halli:moꝛ
377 1362 1176 1403 tales omnes catenulis a lingua in aures ifixis: quo vel
377 1396 1176 1437 let circumducenti. Aut qualem Marſyæ fabuloſa tri-
378 1430 1176 1473 buit Socrates. antiquitas. Aut certe: ne nimium diu fabulis im-
379 1462 1177 1506 moremur: Alcibiades qualē Socrati tribuit Alcibiades. pericli
183 1173 340 1207 Wercuriꝰ.
191 1510 331 1547 Pericles.
185 1343 334 1376 Hercules.
186 1377 328 1407 Celticus.
189 1410 346 1443 Marſyas.
189 1443 354 1474 Socrates.
189 1476 355 1507 Alcibiades
183 1275 341 1311 Amphion.
186 1312 343 1344 Oꝛpheus.
1097 1533 1180 1566 ptate
341 190 1163 302 DES. ERASMI
622 419 896 468 loſophiæ ſtudium
369 323 1123 369 ROTEOOD PARACLESIS, ID
496 368 1031 420 eſt adhortatio, ad Chriſtiane phi-
